<record><leader>00000cas a22000007a 4500</leader><controlfield tag="001">33527146</controlfield><controlfield tag="008">951118d19791982inuwr ne      0    0eng d</controlfield><controlfield tag="009">5452</controlfield><datafield ind1=" " ind2=" " tag="010"><subfield code="a">sn 95067524 </subfield></datafield><datafield ind1=" " ind2=" " tag="040"><subfield code="a">NPI</subfield><subfield code="b">eng</subfield><subfield code="c">NPI</subfield></datafield><datafield ind1=" " ind2=" " tag="042"><subfield code="a">msc</subfield></datafield><datafield ind1="0" ind2="0" tag="245"><subfield code="a">Oak Hill times-review.</subfield></datafield><datafield ind1=" " ind2=" " tag="260"><subfield code="a">Swayzee, Ind. :</subfield><subfield code="b">Oak Hill Times-Review,</subfield><subfield code="c">1979-</subfield></datafield><datafield ind1=" " ind2=" " tag="300"><subfield code="a">4 v. :</subfield><subfield code="b">ill.</subfield></datafield><datafield ind1=" " ind2=" " tag="310"><subfield code="a">Weekly</subfield></datafield><datafield ind1="0" ind2=" " tag="362"><subfield code="a">Vol. 1, no. 1 (Jan. 25, 1979)-</subfield></datafield><datafield ind1="1" ind2=" " tag="362"><subfield code="a">Ceased 1982.</subfield></datafield><datafield ind1=" " ind2=" " tag="752"><subfield code="a">United States</subfield><subfield code="b">Indiana</subfield><subfield code="c">Grant</subfield><subfield code="d">Swayzee.</subfield></datafield><datafield ind1="0" ind2="0" tag="785"><subfield code="t">Oak Hill times (Swayzee, Ind.)</subfield><subfield code="w">(DLC)sn 95067525</subfield></datafield></record>